<?xml version="1.0" encoding="UTF-8" ?>
<record Numero="14813817" format="InterXMarc_Complet" type="Authority">
<leader>00739c1 au22000272  45  <Pos Code="0004">00739</Pos>
<Pos Code="05" Sens="notice modifiée">c</Pos>
<Pos Code="06" Sens="notice validée en catalogage courant">1</Pos>
<Pos Code="08" Sens="notice d&apos;autorité">a</Pos>
<Pos Code="09" Sens="titre uniforme musical (TUM)">u</Pos>
<Pos Code="10">2</Pos>
<Pos Code="11">2</Pos>
<Pos Code="1216">00027</Pos>
<Pos Code="17" Sens="autres cas">2</Pos>
<Pos Code="20">4</Pos>
<Pos Code="21">5</Pos>
</leader>
<controlfield tag="001">FRBNF148138179<Pos Code="0001">FR</Pos>
<Pos Code="0204">BNF</Pos>
<Pos Code="0512">14813817</Pos>
<Pos Code="13">9</Pos>
</controlfield>
<controlfield tag="008">000829071023yy    ov        1807                             1   <Pos Code="0001">00</Pos>
<Pos Code="0203">08</Pos>
<Pos Code="0405">29</Pos>
<Pos Code="0607">07</Pos>
<Pos Code="0809">10</Pos>
<Pos Code="1011">23</Pos>
<Pos Code="1213" Sens="ne s&apos;applique pas">yy</Pos>
<Pos Code="1820">ov </Pos>
<Pos Code="2831">1807</Pos>
<Pos Code="61" Sens="La vedette peut être liée à une notice bibliographique sauf pour l&apos;accès matière RAMEAU">1</Pos>
</controlfield>
<datafield tag="048" ind1=" " ind2=" ">
	<subfield code="a">oa01<Pos Code="0001" Sens="orchestre - orchestre symphonique XIXe-XXe s.">oa</Pos>
<Pos Code="02">0</Pos>
<Pos Code="03">1</Pos>
</subfield>
</datafield>
<datafield tag="100" ind1=" " ind2=" ">
	<subfield code="3">13891295</subfield>
	<subfield code="w">.0..b.....</subfield>
	<subfield code="a">Beethoven</subfield>
	<subfield code="m">Ludwig van</subfield>
	<subfield code="d">1770-1827</subfield>
</datafield>
<datafield tag="144" ind1="1" ind2=" ">
	<subfield code="w">....b.ger.</subfield>
	<subfield code="a">Coriolan</subfield>
	<subfield code="p">Op. 62</subfield>
</datafield>
<datafield tag="444" ind1="1" ind2=" ">
	<subfield code="w">....b.ger.</subfield>
	<subfield code="a">Ouverture zu Coriolan</subfield>
	<subfield code="p">Op. 62</subfield>
</datafield>
<datafield tag="444" ind1="1" ind2=" ">
	<subfield code="w">....b.fre.</subfield>
	<subfield code="a">Ouverture de Coriolan</subfield>
	<subfield code="p">Op. 62</subfield>
</datafield>
<datafield tag="502" ind1=" " ind2=" ">
	<subfield code="3">14029179</subfield>
	<subfield code="a">Beethoven</subfield>
	<subfield code="m">Ludwig van</subfield>
	<subfield code="d">1770-1827</subfield>
	<subfield code="t">[Ouvertures]</subfield>
</datafield>
<datafield tag="600" ind1=" " ind2=" ">
	<subfield code="a">Ouverture composée pour la tragédie &quot;Coriolan&quot; de Heinrich Joseph von Collin</subfield>
	<subfield code="a">Dédicace au poète</subfield>
	<subfield code="a">Date de composition : début 1807</subfield>
	<subfield code="a">1re exécution : Vienne, palais du prince Lobkowitz, mars 1807</subfield>
	<subfield code="a">1re éd. : Vienne : Bureau des arts et d&apos;industrie, 1808</subfield>
</datafield>
<datafield tag="610" ind1=" " ind2=" ">
	<subfield code="a">Kinsky</subfield>
</datafield>
<datafield tag="917" ind1=" " ind2=" ">
	<subfield code="o">OPD</subfield>
	<subfield code="a">100397780</subfield>
	<subfield code="b">ATUM</subfield>
</datafield>
<datafield tag="917" ind1=" " ind2=" ">
	<subfield code="o">OPC</subfield>
	<subfield code="a">100366490</subfield>
</datafield>
<datafield tag="996" ind1=" " ind2=" ">
	<subfield code="o">OPP</subfield>
	<subfield code="a">13908231</subfield>
	<subfield code="d">20071023</subfield>
</datafield>
<Alter Ori="13891295">
<datafield tag="400" ind1=" " ind2=" ">
	<subfield code="w">....b.....</subfield>
	<subfield code="a">Beethoven</subfield>
	<subfield code="m">Ludwig von</subfield>
	<subfield code="d">1770-1827</subfield>
</datafield>
</Alter>
<Attr Nom="IDPerenne">ark:/12148/cb14813817z</Attr>
<Attr Nom="NumSource">OPD 100397780</Attr>
<Attr Nom="Source" Sens="BnF catalogue général (depuis 1999)">A</Attr>
<Attr Nom="NumAutoriteLiee">1389129514029179</Attr>
<Attr Nom="DateCreation">29/08/ 2000</Attr>
<Attr Nom="ResponsableCreation">MIGV3_LD</Attr>
<Attr Nom="StructCreation">1</Attr>
<Attr Nom="DateDerniereValidation">09/11/ 2010</Attr>
<Attr Nom="ResponsableDerniereValidation">MIGV4</Attr>
<Attr Nom="StructPremiereValidation">1</Attr>
<Attr Nom="DatePremiereValidation">29/08/ 2000</Attr>
<Attr Nom="ResponsablePremiereValidation">MIGV3_LD</Attr>
<Attr Nom="StructDerniereValidation">1</Attr>
<Attr Nom="NumSource" Rep="1">OPC 100366490</Attr>
<Attr Nom="NumSource" Rep="2">OPP 13908231</Attr>
</record>
